@article{brachthauser2020effects,
	title = {Effects as capabilities: effect handlers and lightweight effect
	         polymorphism},
	author = {Brachth{\"a}user, Jonathan Immanuel and Schuster, Philipp and
	          Ostermann, Klaus},
	journal = {Proceedings of the ACM on Programming Languages},
	volume = {4},
	number = {OOPSLA},
	pages = {1--30},
	year = {2020},
	publisher = {ACM New York, NY, USA},
}

@article{brachthauser2022effects,
	title = {Effects, capabilities, and boxes: from scope-based reasoning to
	         type-based reasoning and back},
	author = {Brachth{\"a}user, Jonathan Immanuel and Schuster, Philipp and Lee,
	          Edward and Boruch-Gruszecki, Aleksander},
	journal = {Proceedings of the ACM on Programming Languages},
	volume = {6},
	number = {OOPSLA1},
	pages = {1--30},
	year = {2022},
	publisher = {ACM New York, NY, USA},
}

@article{muller2023capabilities,
	title = {From capabilities to regions: Enabling efficient compilation of
	         lexical effect handlers},
	author = {M{\"u}ller, Marius and Schuster, Philipp and Starup, Jonathan
	          Lindegaard and Ostermann, Klaus and Brachth{\"a}user, Jonathan
	          Immanuel},
	journal = {Proceedings of the ACM on Programming Languages},
	volume = {7},
	number = {OOPSLA2},
	pages = {941--970},
	year = {2023},
	publisher = {ACM New York, NY, USA},
}

@article{zhang2020bidirectional,
	title = {Handling bidirectional control flow},
	author = {Zhang, Yizhou and Salvaneschi, Guido and Myers, Andrew C},
	journal = {Proceedings of the ACM on Programming Languages},
	volume = {4},
	number = {OOPSLA},
	pages = {1--30},
	year = {2020},
	publisher = {ACM New York, NY, USA},
}

@article{xie2022named,
	title = {First-class names for effect handlers},
	author = {Xie, Ningning and Cong, Youyou and Ikemori, Kazuki and Leijen,
	          Daan},
	journal = {Proceedings of the ACM on Programming Languages},
	volume = {6},
	number = {OOPSLA2},
	pages = {30--59},
	year = {2022},
	publisher = {ACM New York, NY, USA},
}

@article{hudak1997domain,
	title = {Domain-specific languages},
	author = {Hudak, Paul},
	journal = {Handbook of programming languages},
	volume = {3},
	number = {39-60},
	pages = {21},
	year = {1997},
}

@article{hatledal2021vico,
	title = {Vico: An entity-component-system based co-simulation framework},
	author = {Hatledal, Lars I and Chu, Yingguang and Styve, Arne and Zhang,
	          Houxiang},
	journal = {Simulation Modelling Practice and Theory},
	volume = {108},
	pages = {102243},
	year = {2021},
	publisher = {Elsevier},
}

@inproceedings{lange2016wait,
	title = {Wait-free hash maps in the entity-component-system pattern for
	         realtime interactive systems},
	author = {Lange, Patrick and Weller, Rene and Zachmann, Gabriel},
	booktitle = {2016 IEEE 9th Workshop on Software Engineering and
	             Architectures for Realtime Interactive Systems (SEARIS)},
	pages = {1--8},
	year = {2016},
	organization = {IEEE},
}

@article{muhcu2025multipleresumptions,
	title = {Multiple Resumptions and Local Mutable State, Directly},
	author = {Muhcu, Serkan and Schuster, Philipp and Steuwer, Michel and
	          Brachth{\"a}user, Jonathan Immanuel},
	journal = {Proceedings of the ACM on Programming Languages},
	volume = {9},
	number = {ICFB},
	pages = {1--30},
	year = {2025},
	publisher = {ACM New York, NY, USA},
}

@article{biernacki2019binders,
	title = {Binders by day, labels by night: effect instances via lexically
	         scoped handlers},
	author = {Biernacki, Dariusz and Pir{\'o}g, Maciej and Polesiuk, Piotr and
	          Sieczkowski, Filip},
	journal = {Proceedings of the ACM on Programming Languages},
	volume = {4},
	number = {POPL},
	pages = {1--29},
	year = {2019},
	publisher = {ACM New York, NY, USA},
}

@online{evolvehierarchy,
	author = {Mick West},
	title = {Evolve Your Hierarchy},
	year = 2007,
	url = {https://cowboyprogramming.com/2007/01/05/evolve-your-heirachy/},
	urldate = {2025-07-29},
}

@online{entitysystems,
	author = {Adam Martin},
	title = {Entity Systems are the future of MMOG development},
	year = 2007,
	url = {
	       https://web.archive.org/web/20250531113805/https://t-machine.org/index.php/2007/09/03/entity-systems-are-the-future-of-mmog-development-part-1/
	       },
	urldate = {2025-07-29},
}
